<?xml version="1.0"?>
<marc:records xmlns:marc="http://www.loc.gov/MARC21/slim" xmlns:xsi="http://www.w3.org/2001/XMLSchema-instance" xsi:schemaLocation="http://www.loc.gov/MARC21/slim http://www.loc.gov/standards/marcxml/schema/MARC21slim.xsd">
  <marc:record>
    <marc:leader>08046ntm a2200457Ia 4500</marc:leader>
    <marc:controlfield tag="001">9977507852703681</marc:controlfield>
    <marc:controlfield tag="005">20190806143624.0</marc:controlfield>
    <marc:controlfield tag="008">190806q19301950nyu           000 0 yid d</marc:controlfield>
    <marc:datafield ind1=" " ind2=" " tag="035">
  <marc:subfield code="a">(OCoLC)1111632196</marc:subfield>
</marc:datafield>
    <marc:datafield ind1=" " ind2=" " tag="035">
  <marc:subfield code="a">(OCoLC)on1111632196</marc:subfield>
</marc:datafield>
    <marc:datafield ind1=" " ind2=" " tag="040">
  <marc:subfield code="a">PAU</marc:subfield>
  <marc:subfield code="b">eng</marc:subfield>
  <marc:subfield code="c">PAU</marc:subfield>
  <marc:subfield code="e">dacs</marc:subfield>
</marc:datafield>
    <marc:datafield ind1="0" ind2=" " tag="041">
  <marc:subfield code="a">yid</marc:subfield>
  <marc:subfield code="a">heb</marc:subfield>
</marc:datafield>
    <marc:datafield ind1=" " ind2="9" tag="099">
  <marc:subfield code="a">CAJS Rar Ms 510</marc:subfield>
</marc:datafield>
    <marc:datafield ind1="0" ind2="0" tag="245">
  <marc:subfield code="6">880-01</marc:subfield>
  <marc:subfield code="a">Zikhronotenu me-&#x2BB;ir moladtenu Ropshits ha-h&#x323;avivah,</marc:subfield>
  <marc:subfield code="f">between 1930-1950.</marc:subfield>
</marc:datafield>
    <marc:datafield ind1=" " ind2=" " tag="300">
  <marc:subfield code="a">253 leaves :</marc:subfield>
  <marc:subfield code="b">paper ;</marc:subfield>
  <marc:subfield code="c">420 x 273 (330 x 80) mm bound to 440 x 290 mm.</marc:subfield>
</marc:datafield>
    <marc:datafield ind1=" " ind2=" " tag="500">
  <marc:subfield code="a">Ms. codex.</marc:subfield>
</marc:datafield>
    <marc:datafield ind1=" " ind2=" " tag="524">
  <marc:subfield code="a">UPenn CAJS Rar Ms 510.</marc:subfield>
</marc:datafield>
    <marc:datafield ind1=" " ind2=" " tag="546">
  <marc:subfield code="a">In Yiddish and Hebrew.</marc:subfield>
</marc:datafield>
    <marc:datafield ind1="1" ind2=" " tag="561">
  <marc:subfield code="a">Sold by Mizrahi Bookstore (Brooklyn, New York), 2019.</marc:subfield>
</marc:datafield>
    <marc:datafield ind1="1" ind2="0" tag="600">
  <marc:subfield code="6">880-02</marc:subfield>
  <marc:subfield code="a">Ropshitser, Naphtali Z&#x323;evi,</marc:subfield>
  <marc:subfield code="d">1760-1827.</marc:subfield>
</marc:datafield>
    <marc:datafield ind1="0" ind2="0" tag="600">
  <marc:subfield code="6">880-03</marc:subfield>
  <marc:subfield code="a">Menasheh ben Asher,</marc:subfield>
  <marc:subfield code="c">a.b.d. k&#x323;. Ropshits</marc:subfield>
</marc:datafield>
    <marc:datafield ind1="0" ind2="0" tag="600">
  <marc:subfield code="6">880-04</marc:subfield>
  <marc:subfield code="a">Asher Yesha&#x2BB;y.,</marc:subfield>
  <marc:subfield code="c">a.b.d. k&#x323;. Ropshits</marc:subfield>
</marc:datafield>
    <marc:datafield ind1="1" ind2="0" tag="600">
  <marc:subfield code="6">880-05</marc:subfield>
  <marc:subfield code="a">Halberstam, Chaim,</marc:subfield>
  <marc:subfield code="d">1793-1876.</marc:subfield>
</marc:datafield>
    <marc:datafield ind1="0" ind2="0" tag="600">
  <marc:subfield code="6">880-06</marc:subfield>
  <marc:subfield code="a">Ba&#x2BB;al Shem T&#x323;ov,</marc:subfield>
  <marc:subfield code="d">approximately 1700-1760.</marc:subfield>
</marc:datafield>
    <marc:datafield ind1=" " ind2="0" tag="650">
  <marc:subfield code="a">Jews</marc:subfield>
  <marc:subfield code="z">Poland</marc:subfield>
  <marc:subfield code="z">Ropczyce</marc:subfield>
  <marc:subfield code="x">History.</marc:subfield>
</marc:datafield>
    <marc:datafield ind1=" " ind2="0" tag="650">
  <marc:subfield code="a">Jews</marc:subfield>
  <marc:subfield code="z">Poland</marc:subfield>
  <marc:subfield code="z">&#x141;an&#x301;cut</marc:subfield>
  <marc:subfield code="x">History.</marc:subfield>
</marc:datafield>
    <marc:datafield ind1=" " ind2="0" tag="650">
  <marc:subfield code="a">Memorial books (Holocaust)</marc:subfield>
  <marc:subfield code="v">Specimens.</marc:subfield>
</marc:datafield>
    <marc:datafield ind1=" " ind2="0" tag="650">
  <marc:subfield code="a">Hasidim</marc:subfield>
  <marc:subfield code="z">Poland</marc:subfield>
  <marc:subfield code="v">Biography.</marc:subfield>
</marc:datafield>
    <marc:datafield ind1=" " ind2="0" tag="650">
  <marc:subfield code="a">Hasidim</marc:subfield>
  <marc:subfield code="v">Anecdotes.</marc:subfield>
</marc:datafield>
    <marc:datafield ind1=" " ind2="7" tag="655">
  <marc:subfield code="a">Codices (bound manuscripts)</marc:subfield>
  <marc:subfield code="2">aat</marc:subfield>
</marc:datafield>
    <marc:datafield ind1=" " ind2="7" tag="655">
  <marc:subfield code="a">Manuscripts, Yiddish</marc:subfield>
  <marc:subfield code="y">20th century.</marc:subfield>
  <marc:subfield code="2">local</marc:subfield>
</marc:datafield>
    <marc:datafield ind1=" " ind2="7" tag="655">
  <marc:subfield code="a">Manuscripts, American</marc:subfield>
  <marc:subfield code="y">20th century.</marc:subfield>
  <marc:subfield code="2">local</marc:subfield>
</marc:datafield>
    <marc:datafield ind1=" " ind2=" " tag="852">
  <marc:subfield code="b">Library at the Herbert D. Katz Center for Advanced Judaic Studies</marc:subfield>
  <marc:subfield code="a">University of Pennsylvania</marc:subfield>
  <marc:subfield code="e">420 Walnut Street, Philadelphia, Pennsylvania 19106-3703.</marc:subfield>
  <marc:subfield code="j">CAJS Rar Ms 510</marc:subfield>
</marc:datafield>
    <marc:datafield ind1="0" ind2="0" tag="880">
  <marc:subfield code="6">245-01//r</marc:subfield>
  <marc:subfield code="a">&#x5D6;&#x5DB;&#x5E8;&#x5D5;&#x5E0;&#x5D5;&#x5EA;&#x5D9;&#x5E0;&#x5D5; &#x5DE;&#x5E2;&#x5D9;&#x5E8; &#x5DE;&#x5D5;&#x5DC;&#x5D3;&#x5EA;&#x5D9;&#x5E0;&#x5D5; &#x5E8;&#x5D0;&#x5E4;&#x5E9;&#x5D9;&#x5E5; &#x5D4;&#x5D7;&#x5D1;&#x5D9;&#x5D1;&#x5D4;,</marc:subfield>
  <marc:subfield code="f">&#x5D1;&#x5D9;&#x5DF; 1930-1950.</marc:subfield>
</marc:datafield>
    <marc:datafield ind1="1" ind2="0" tag="880">
  <marc:subfield code="6">600-02//r</marc:subfield>
  <marc:subfield code="a">&#x5E0;&#x5E4;&#x5EA;&#x5DC;&#x5D9; &#x5E6;&#x5D1;&#x5D9; &#x5D4;&#x5D5;&#x5E8;&#x5D5;&#x5D5;&#x5D9;&#x5E5;,</marc:subfield>
  <marc:subfield code="c">&#x5DE;&#x5E8;&#x5D0;&#x5E4;&#x5E9;&#x5D9;&#x5E5;,</marc:subfield>
  <marc:subfield code="d">1760-1827.</marc:subfield>
</marc:datafield>
    <marc:datafield ind1="0" ind2="0" tag="880">
  <marc:subfield code="6">600-03//r</marc:subfield>
  <marc:subfield code="a">&#x5DE;&#x5E0;&#x5E9;&#x5D4; &#x5D1;&#x5DF; &#x5D0;&#x5E9;&#x5E8;,</marc:subfield>
  <marc:subfield code="c">&#x5D0;&#x5D1;&#x5D3;&#x5F4;&#x5E7; &#x5E8;&#x5D0;&#x5E4;&#x5E9;&#x5D9;&#x5D8;&#x5E5;</marc:subfield>
</marc:datafield>
    <marc:datafield ind1="0" ind2="0" tag="880">
  <marc:subfield code="6">600-04//r</marc:subfield>
  <marc:subfield code="a">&#x5D0;&#x5E9;&#x5E8; &#x5D9;&#x5E9;&#x5E2;&#x5D9;&#x5F3;,</marc:subfield>
  <marc:subfield code="c">&#x5D0;&#x5D1;&#x5D3;&#x5F4;&#x5E7; &#x5E8;&#x5D0;&#x5E4;&#x5E9;&#x5D9;&#x5D8;&#x5E5;</marc:subfield>
</marc:datafield>
    <marc:datafield ind1="1" ind2="0" tag="880">
  <marc:subfield code="6">600-05//r</marc:subfield>
  <marc:subfield code="a">&#x5D4;&#x5DC;&#x5D1;&#x5E8;&#x5E9;&#x5D8;&#x5DD;, &#x5D7;&#x5D9;&#x5D9;&#x5DD; &#x5D1;&#x5DF; &#x5DC;&#x5D9;&#x5D1;&#x5D5;&#x5E9;,</marc:subfield>
  <marc:subfield code="d">1876&#x5BE;1793</marc:subfield>
</marc:datafield>
    <marc:datafield ind1="0" ind2="0" tag="880">
  <marc:subfield code="6">600-06//r</marc:subfield>
  <marc:subfield code="a">&#x5D1;&#x5E2;&#x5E9;&#x5F4;&#x5D8;, &#x5D9;&#x5E9;&#x5E8;&#x5D0;&#x5DC;,</marc:subfield>
  <marc:subfield code="d">approximately 1700-1760</marc:subfield>
</marc:datafield>
    <marc:datafield ind1=" " ind2=" " tag="880">
  <marc:subfield code="6">520-00//r This is a manuscript written by immigrants in New York from the community of Ropshits&#x200F; &#x200F;(&#x200F;&#x5E8;&#x5D0;&#x5B8;&#x5E4;&#x5BC;&#x5E9;&#x5D9;&#x5E5;&#x200E;; originally Ropczyce, a town in the south-eastern Poland on the Wielopolka River, near the cities Debica and Rzeszow). The text is on only a few folios (f. 2r-6r) but the volume was prepared to carry a far longer history of the town. On the first folio of text, there is a lamentation for the Jewish community of Ropshits with mention of the Tsadik&#x323;im (i.e. Admorim) buried there and who lived in the city (f. 2r);  it continues and mentions the first Admor of Ropshits, R. Naft&#x323;ali Tsevi Horowitz (1760 - &#x141;an&#x301;cut 1827); that the author of the text had seen a pink&#x323;as from "R. H&#x323;aiml Halbers&#x301;t&#x323;am, son-in-law of admo"r R.M." (i.e. R. H&#x323;aim Halberstam, the son in law of R. Menasheh Mireles of the Ropshits dynasty) recording the lives of the Admorim of Ropshits; the lamentation text ends a folio later (f. 4r). The manuscript records that it uses the language of the former pinkas&#x200F; ("urshprung," f. 3r), and the following text is the beginning of a list of the Admorim and their detailed genealogy likely from that pinkas; first is that of the first Admor, R. Naftali Tsevi, mentioning the works he authored (Zer&#x2BB;a k&#x323;odesh and Ayalah sheluh&#x323;ah), his father and grandfather, his prominent student, R. H&#x323;ayim Halberstam of Sanz (Tarnogro&#x301;d 1797 - Nowy S&#x105;cz 1876) and that R. Naftali Tsevi was born on the day R. Yis&#x301;ra&#x2BC;el Ba&#x2BB;al Shem T&#x323;ov died (f. 5r). Mention is made of the death of the first Admor and his succession by his son-in-law, R. Asher Yesh&#x2BB;ayah Rubin (Warsaw ca. 1777 - Ropczyce 1845); his succession by his son, R. Menasheh (1795-1861), and the following succession of R. Yitsh&#x323;ak&#x323; Mireles (1815-1892), his son-in-law; the succession of his son, R. Menah&#x323;em-Mendl Mireles of Dubiecko-Ropczyce; the next succession to R. Menasheh Mireles (1864-1933), and the next succession to a R. Yitsh&#x323;ak&#x323; Liberman; the text then ends abruptly. The only other text is</marc:subfield>
  <marc:subfield code="a">This is a manuscript written by immigrants in New York from the community of Ropshits (&#x5E8;&#x5D0;&#x5B8;&#x5E4;&#x5BC;&#x5E9;&#x5D9;&#x5E5;&#x200E;; originally Ropczyce, a town in the south-eastern Poland on the Wielopolka River, near the cities Debica and Rzeszow). The text is on only a few folios (f. 2r-6r) but the volume was prepared to carry a far longer history of the town. On the first folio of text, there is a lamentation for the Jewish community of Ropshits with mention of the Tsadik&#x323;im (i.e. Admorim) buried there and who lived in the city (f. 2r);  it continues and mentions the first Admor of Ropshits, R. Naft&#x323;ali Tsevi Horowitz (1760 - &#x141;an&#x301;cut 1827); that the author of the text had seen a pink&#x323;as from "R. H&#x323;aiml Halbers&#x301;t&#x323;am, son-in-law of admo"r R.M." (i.e. R. H&#x323;aim Halberstam, the son in law of R. Menasheh Mireles of the Ropshits dynasty) recording the lives of the Admorim of Ropshits; the lamentation text ends a folio later (f. 4r). The manuscript records that it uses the language of the former pinkas ("urshprung," f. 3r), and the following text is the beginning of a list of the Admorim and their detailed genealogy likely from that pinkas; first is that of the first Admor, R. Naftali Tsevi, mentioning the works he authored (Zer&#x2BB;a k&#x323;odesh and Ayalah sheluh&#x323;ah), his father and grandfather, his prominent student, R. H&#x323;ayim Halberstam of Sanz (Tarnogro&#x301;d 1797 - Nowy S&#x105;cz 1876) and that R. Naftali Tsevi was born on the day R. Yis&#x301;ra&#x2BC;el Ba&#x2BB;al Shem T&#x323;ov died (f. 5r). Mention is made of the death of the first Admor and his succession by his son-in-law, R. Asher Yesh&#x2BB;ayah Rubin (Warsaw ca. 1777 - Ropczyce 1845); his succession by his son, R. Menasheh (1795-1861), and the following succession of R. Yitsh&#x323;ak&#x323; Mireles (1815-1892), his son-in-law; the succession of his son, R. Menah&#x323;em-Mendl Mireles of Dubiecko-Ropczyce; the next succession to R. Menasheh Mireles (1864-1933), and the next succession to a R. Yitsh&#x323;ak&#x323; Liberman; the text then ends abruptly. The only other text is the epitaphs of R. Naft&#x323;ali Tsevi Horowitz and R. Asher Yesh&#x2BB;ayah Rubin at the beginning of the Yizkor section (f. 107r-107v). Written in 30 ruled lines inside gold-stamped decorative designs with six cornered stars at each corner (f. 1r-106v) followed by a section of leaves with a black border with the heading "Yizkor" (&#x5D9;&#x5D6;&#x5DB;&#x5D5;&#x5E8;; f. 107r-253v). The headings of the two sections are stamped in gold on the front cover and the spine. The scribe wrote the text in Eastern-European Ashkenazic Safrut, the square script for writing ritual objects such as Tefilin and Mezuzot. Bound in heavy brown-leather boards.</marc:subfield>
</marc:datafield>
    <marc:datafield ind1=" " ind2=" " tag="996">
  <marc:subfield code="a">hinge-right</marc:subfield>
</marc:datafield>
    <marc:holdings>
      <marc:holding>
        <marc:holding_id>22584439540003681</marc:holding_id>
        <marc:call_number>CAJS Rar Ms 510</marc:call_number>
        <marc:library>KatzLib</marc:library>
        <marc:location>cjsrar</marc:location>
      </marc:holding>
    </marc:holdings>
  </marc:record>
</marc:records>
